<?xml version="1.0" encoding="UTF-8"?><collection xmlns="http://www.loc.gov/MARC21/slim"><record><leader>00645nam--2200193-i-4500</leader><controlfield tag="001">000023072</controlfield><controlfield tag="002">20161230</controlfield><controlfield tag="005">20161230201034</controlfield><controlfield tag="008">060222s1000------------r-----000-0-eng-d</controlfield><datafield ind1=" " ind2=" " tag="040"><subfield code="a">IFIN-HH</subfield></datafield><datafield ind1=" " ind2=" " tag="080"><subfield code="a">539.23</subfield></datafield><datafield ind1="1" ind2=" " tag="100"><subfield code="a">Hass, Georg</subfield></datafield><datafield ind1="1" ind2="0" tag="245"><subfield code="a">Physics of thin films</subfield><subfield code="b">Advances in research and development. volume 6</subfield><subfield code="c">Georg hass, rudolf e. thun (general editors) maurice h. francombe, richard w. hoffman (guest editors)</subfield></datafield><datafield ind1=" " ind2=" " tag="260"><subfield code="a">New York</subfield><subfield code="b">Academic Press</subfield><subfield code="c">1971</subfield></datafield><datafield ind1=" " ind2=" " tag="300"><subfield code="a">XIV+370P</subfield></datafield><datafield ind1=" " ind2=" " tag="490"><subfield code="a">Advances In Research And Development</subfield></datafield><datafield ind1="1" ind2=" " tag="700"><subfield code="a">Hoffman, Ruchard W</subfield><subfield code="e">Ed</subfield></datafield><datafield ind1=" " ind2=" " tag="852"><subfield code="a">19213</subfield><subfield code="c">539.23</subfield></datafield><datafield ind1=" " ind2=" " tag="CAT"><subfield code="a">Sys</subfield><subfield code="c">20121212</subfield><subfield code="h">172632</subfield></datafield></record></collection>